<?xml version="1.0" encoding="UTF-8"?><collection xmlns="http://www.loc.gov/MARC21/slim"><record><leader>00368nam--2200121-i-4500</leader><controlfield tag="001">000017017</controlfield><controlfield tag="002">20161230</controlfield><controlfield tag="005">20161230201032</controlfield><controlfield tag="008">060222s1000------------r-----000-0-eng-d</controlfield><datafield ind1=" " ind2=" " tag="080"><subfield code="a">539.17(083)</subfield></datafield><datafield ind1=" " ind2=" " tag="245"><subfield code="a">Ciamda 87.an index to the literature on atomic and molecular collision data relevant to fusio n research</subfield></datafield><datafield ind1=" " ind2=" " tag="260"><subfield code="a">Vienna, Iaea, 1987. Xv + 315 P</subfield></datafield><datafield ind1=" " ind2=" " tag="852"><subfield code="a">D.1438</subfield></datafield></record></collection>